@phdthesis{Mara12,
  doi = {10.11588/heidok.00013890},
  author = {Mara,  Hubert},
  title = {Multi-Scale Integral Invariants for Robust Character Extraction from Irregular Polygon Mesh Data},
  school = {Heidelberg University},
  year = {2012},
  month = {10},
  address = {Heidelberg, Germany},
}
